@techreport{piscitello1994ftp,
  title={FTP Operation Over Big Address Records (FOOBAR)},
  author={Piscitello, D},
  year={1994}
}

